<?xml version="1.0" encoding="UTF-8"?><collection xmlns="http://www.loc.gov/MARC21/slim"><record><leader>00331nam--2200133-i-4500</leader><controlfield tag="001">000039904</controlfield><controlfield tag="002">20161230</controlfield><controlfield tag="005">20161230201042</controlfield><controlfield tag="008">060222s1000------------r-----000-0-eng-d</controlfield><datafield ind1=" " ind2=" " tag="080"><subfield code="a">548(043)</subfield></datafield><datafield ind1=" " ind2=" " tag="100"><subfield code="a">Ruer,Daniel</subfield></datafield><datafield ind1=" " ind2=" " tag="245"><subfield code="a">Methode vectorielle d`analyse de la texture. these</subfield></datafield><datafield ind1=" " ind2=" " tag="260"><subfield code="a">Metz, Univ.,1976. 163 P</subfield></datafield><datafield ind1=" " ind2=" " tag="852"><subfield code="a">77893</subfield></datafield></record></collection>